<record><leader>00000cas a2200000 a 4500</leader><controlfield tag="001">50412875</controlfield><controlfield tag="008">020815d19201931nyusr ne      0    0cze d</controlfield><controlfield tag="009">550</controlfield><datafield ind1=" " ind2=" " tag="010"><subfield code="a">sn2002061520</subfield></datafield><datafield ind1=" " ind2=" " tag="040"><subfield code="a">NYS</subfield><subfield code="c">NYS</subfield><subfield code="d">OCLCQ</subfield></datafield><datafield ind1=" " ind2=" " tag="043"><subfield code="a">n-us---</subfield><subfield code="a">n-us-ny</subfield></datafield><datafield ind1="0" ind2="0" tag="245"><subfield code="a">Pra&#769;ce.</subfield></datafield><datafield ind1=" " ind2=" " tag="260"><subfield code="a">New York :</subfield><subfield code="b">Amalgamated Clothing Workers of America,</subfield><subfield code="c">1920-1931.</subfield></datafield><datafield ind1=" " ind2=" " tag="300"><subfield code="a">v. ;</subfield><subfield code="c">41 cm.</subfield></datafield><datafield ind1=" " ind2=" " tag="310"><subfield code="a">Semimonthly,</subfield><subfield code="b">21 Ledna 1922</subfield></datafield><datafield ind1=" " ind2=" " tag="321"><subfield code="a">Weekly,</subfield><subfield code="b">1920-1921</subfield></datafield><datafield ind1="1" ind2=" " tag="362"><subfield code="a">Began in 1920; ceased in 1931. Cf. Hoerner.</subfield></datafield><datafield ind1=" " ind2=" " tag="500"><subfield code="a">Title trans. = Work.</subfield></datafield><datafield ind1="4" ind2=" " tag="510"><subfield code="a">Hoerner, D. Immigrant Labor Press in North America, 1840's-1970's</subfield><subfield code="c">Vol. 2 p. 253</subfield></datafield><datafield ind1=" " ind2=" " tag="546"><subfield code="a">In Czech.</subfield></datafield><datafield ind1=" " ind2="0" tag="650"><subfield code="a">Clothing workers</subfield><subfield code="x">Labor unions</subfield><subfield code="v">Newspapers.</subfield></datafield><datafield ind1=" " ind2="0" tag="650"><subfield code="a">Czechs</subfield><subfield code="z">United States</subfield><subfield code="v">Newspapers.</subfield></datafield><datafield ind1=" " ind2="0" tag="651"><subfield code="a">New York (N.Y.)</subfield><subfield code="v">Newspapers.</subfield></datafield><datafield ind1=" " ind2="0" tag="651"><subfield code="a">New York County (N.Y.)</subfield><subfield code="v">Newspapers.</subfield></datafield><datafield ind1="2" ind2=" " tag="710"><subfield code="a">Amalgamated Clothing Workers of America.</subfield></datafield><datafield ind1=" " ind2=" " tag="752"><subfield code="a">United States</subfield><subfield code="b">New York</subfield><subfield code="c">New York</subfield><subfield code="d">New York.</subfield></datafield></record>